<?xml version="1.0" encoding="UTF-8"?><collection xmlns="http://www.loc.gov/MARC21/slim"><record><leader>00602nam--2200193-i-4500</leader><controlfield tag="001">000039206</controlfield><controlfield tag="002">20161230</controlfield><controlfield tag="005">20161230201042</controlfield><controlfield tag="008">060222s1000------------r-----000-0-eng-d</controlfield><datafield ind1=" " ind2=" " tag="040"><subfield code="a">IFIN-HH</subfield></datafield><datafield ind1=" " ind2=" " tag="080"><subfield code="a">6211.52</subfield></datafield><datafield ind1="1" ind2=" " tag="100"><subfield code="a">Roberts, Richard W</subfield></datafield><datafield ind1="1" ind2="0" tag="245"><subfield code="a">Ultrahigh vacuum and its applications</subfield><subfield code="c">Richard w. roberts, thomas a. vanderslice</subfield></datafield><datafield ind1=" " ind2=" " tag="260"><subfield code="a">Englewood Cliffs, N.J</subfield><subfield code="b">N.J.Prentice-hall, Inc</subfield><subfield code="c">1964</subfield></datafield><datafield ind1=" " ind2=" " tag="300"><subfield code="a">XIX + 199P</subfield></datafield><datafield ind1=" " ind2=" " tag="490"><subfield code="a">Prentice-hall International Series In Electrical Engineering</subfield></datafield><datafield ind1="1" ind2=" " tag="700"><subfield code="a">Vanderslice, T.A</subfield></datafield><datafield ind1=" " ind2=" " tag="852"><subfield code="a">20407</subfield><subfield code="c">621.52</subfield></datafield><datafield ind1=" " ind2=" " tag="CAT"><subfield code="a">Sys</subfield><subfield code="c">20130603</subfield><subfield code="h">180151</subfield></datafield></record></collection>